--- Antimalware

@misc{android_bouncer,
  title = {{Android and Security}},
  year = 2012,
  howpublished = {URL \url{http://googlemobile.blogspot.com/2012/02/android-and-security.html}}
}

@inproceedings{amos2013applying,
  title={Applying machine learning classifiers to dynamic Android malware detection at scale},
  author={Amos, Brandon and Turner, Hamilton and White, Jules},
  booktitle={Wireless Communications and Mobile Computing Conference (IWCMC), 2013 9th International},
  pages={1666--1671},
  year= 2013,
  organization={IEEE}
}

@misc{amos2013fortran,
  title={Fortran 95 implementation of QNSTOP
    for global and stochastic optimization},
  author={Amos, Brandon and Easterling, David and Watson, Layne and
    Castle, Brent and Trosset, Michael and Thacker, William},
  year= 2013,
  howpublished={Submitted}
}

@inproceedings{blasing2010android,
  title={An android application sandbox system for suspicious software detection},
  author={Blasing, Thomas and Batyuk, Leonid and Schmidt, A-D and Camtepe, Seyit Ahmet and Albayrak, Sahin},
  booktitle={Malicious and Unwanted Software (MALWARE), 2010 5th International Conference on},
  pages={55--62},
  year={2010},
  organization={IEEE}
}

@misc{turner2013bad,
  title={Bad Parts: Are Our Manufacturing Systems At Risk of
    Silent Cyber-attacks?},
  author={Turner, Hamilton and Amos, Brandon and White, Jules and
    Camelio, Jaime and Williams, Chris and Parker, Robert},
  year= 2013,
  howpublished={Submitted}
}

@article{turner2012building,
  title={Building a Cloud-based Mobile Application Testbed},
  author={Turner, H. and White, J. and Reed, J. and Galindo, J. and
        Porter, A. and Marathe, M. and Vullikanti, A. and Gokhale, A.},
  journal={Software Testing in the Cloud:
    Perspectives on an Emerging Discipline},
  publisher={IGI Global},
  editor= {Scott Tilley},
  year={2012},
  month={Nov}
}

@inproceedings{burguera2011crowdroid,
 author = {Burguera, Iker and Zurutuza, Urko and Nadjm-Tehrani, Simin},
 title = {Crowdroid: behavior-based malware detection system for Android},
 booktitle = {Proceedings of the 1st acm workshop on security and privacy in smartphones and mobile devices},
 series = {spsm '11},
 year = {2011},
 isbn = {978-1-4503-1000-0},
 location = {chicago, illinois, usa},
 pages = {15--26},
 numpages = {12},
 url = {http://doi.acm.org/10.1145/2046614.2046619},
 doi = {10.1145/2046614.2046619},
 acmid = {2046619},
 publisher = {acm},
 address = {new york, ny, usa},
 keywords = {anomaly detection, crowdsourcing, data mining, dynamic analysis, intrusion detection, malware detection, smartphone security},
}

@inproceedings{mahmood2012whitebox,
  title={A whitebox approach for automated security testing of Android applications on the cloud},
  author={Mahmood, Riyadh and Esfahani, Naeem and Kacem, Thabet and Mirzaei, Nariman and Malek, Sam and Stavrou, Angelos},
  booktitle={Automation of Software Test (AST), 2012 7th International Workshop on},
  pages={22--28},
  year={2012},
  organization={IEEE}
}

@inproceedings{schmidt2009static,
  title={Static analysis of executables for collaborative malware detection on android},
  author={Schmidt, A-D and Bye, Rainer and Schmidt, H-G and Clausen, Jan and Kiraz, Osman and Yuksel, Kamer A and Camtepe, Seyit Ahmet and Albayrak, Sahin},
  booktitle={Communications, 2009. ICC'09. IEEE International Conference on},
  pages={1--5},
  year={2009},
  organization={IEEE}
}

@article{shabtai2012andromaly,
  title={{``Andromaly'': a behavioral malware detection framework for android devices}},
  author={Shabtai, Asaf and Kanonov, Uri and Elovici, Yuval and Glezer, Chanan and Weiss, Yael},
  journal={Journal of Intelligent Information Systems},
  volume={38},
  number={1},
  pages={161--190},
  year={2012},
  publisher={Springer}
}

@inproceedings{zhou2012dissecting,
  title={Dissecting android malware: Characterization and evolution},
  author={Zhou, Yajin and Jiang, Xuxian},
  booktitle={Security and Privacy (SP), 2012 IEEE Symposium on},
  pages={95--109},
  year={2012},
  organization={IEEE}
}

--- Offloading

@inproceedings{chun2011clonecloud,
  title={Clonecloud: elastic execution between mobile device and cloud},
  author={Chun, Byung-Gon and Ihm, Sunghwan and Maniatis, Petros and Naik, Mayur and Patti, Ashwin},
  booktitle={Proceedings of the sixth conference on Computer systems},
  pages={301--314},
  year={2011},
  organization={ACM}
}

@inproceedings{cuervo2010maui,
  title={MAUI: making smartphones last longer with code offload},
  author={Cuervo, Eduardo and Balasubramanian, Aruna and Cho, Dae-ki and Wolman, Alec and Saroiu, Stefan and Chandra, Ranveer and Bahl, Paramvir},
  booktitle={Proceedings of the 8th international conference on Mobile systems, applications, and services},
  pages={49--62},
  year={2010},
  organization={ACM}
}

@article{dinh2011survey,
  title={A survey of mobile cloud computing: architecture, applications, and approaches},
  author={Dinh, Hoang T and Lee, Chonho and Niyato, Dusit and Wang, Ping},
  journal={Wireless Communications and Mobile Computing},
  year={2011},
  publisher={Wiley Online Library}
}

@article{esmaeilzadeh2012looking,
  title={Looking back and looking forward: power, performance, and upheaval},
  author={Esmaeilzadeh, Hadi and Cao, Ting and Yang, Xi and Blackburn, Stephen M and McKinley, Kathryn S},
  journal={Communications of the ACM},
  volume={55},
  number={7},
  pages={105--114},
  year={2012},
  publisher={ACM}
}

@article{fernando2013mobile,
  title={Mobile cloud computing: A survey},
  author={Fernando, Niroshinie and Loke, Seng W and Rahayu, Wenny},
  journal={Future Generation Computer Systems},
  volume={29},
  number={1},
  pages={84--106},
  year={2013},
  publisher={Elsevier}
}

@article{frank2012touchalytics,
  title={Touchalytics: On the applicability of touchscreen input as a behavioral biometric for continuous authentication},
  author={Frank, Mario and Biedert, Ralf and Ma, Eugene and Martinovic, Ivan and Song, Dawn},
  year={2012},
  publisher={IEEE}
}

@article{jain2006biometrics,
  title={Biometrics: a tool for information security},
  author={Jain, Anil K and Ross, Arun and Pankanti, Sharath},
  journal={Information Forensics and Security, IEEE Transactions on},
  volume={1},
  number={2},
  pages={125--143},
  year={2006},
  publisher={IEEE}
}

@inproceedings{kosta2012thinkair,
  title={Thinkair: Dynamic resource allocation and parallel execution in the cloud for mobile code offloading},
  author={Kosta, Sokol and Aucinas, Andrius and Hui, Pan and Mortier, Richard and Zhang, Xinwen},
  booktitle={INFOCOM, 2012 Proceedings IEEE},
  pages={945--953},
  year={2012},
  organization={IEEE}
}

@incollection{kremer2003compilation,
  title={A compilation framework for power and energy management on mobile computers},
  author={Kremer, Ulrich and Hicks, Jamey and Rehg, James},
  booktitle={Languages and Compilers for Parallel Computing},
  pages={115--131},
  year={2003},
  publisher={Springer}
}

@inproceedings{kramer2010mobdsl,
  title={MobDSL: A Domain Specific Language for multiple mobile platform deployment},
  author={Kramer, Dean and Clark, Tony and Oussena, Samia},
  booktitle={Networked Embedded Systems for Enterprise Applications (NESEA), 2010 IEEE International Conference on},
  pages={1--7},
  year={2010},
  organization={IEEE}
}

@inproceedings{kwon2013reducing,
  title={Reducing the energy consumption of mobile applications behind the scenes},
  author={Kwon, Young-Woo and Tilevich, Eli},
  booktitle={Proceedings of the 29th IEEE International Conference on Software Maintenance},
  year={2013}
}

@article{satyanarayanan2009case,
  title={The case for vm-based cloudlets in mobile computing},
  author={Satyanarayanan, Mahadev and Bahl, Paramvir and Caceres, Ram{\'o}n and Davies, Nigel},
  journal={Pervasive Computing, IEEE},
  volume={8},
  number={4},
  pages={14--23},
  year={2009},
  publisher={IEEE}
}

@article{varshney2007pervasive,
  title={Pervasive healthcare and wireless health monitoring},
  author={Varshney, Upkar},
  journal={Mobile Networks and Applications},
  volume={12},
  number={2-3},
  pages={113--127},
  year={2007},
  publisher={Kluwer Academic Publishers}
}

@inproceedings{yang2013fast,
  title={Fast Dynamic Execution Offloading for Efficient Mobile Cloud Computing},
  author={Yang, Seungjun and Kwon, Yongin and Cho, Yeongpil and Yi, Hayoon and Kwon, Donghyun and Youn, Jonghee and Paek, Yunheung},
  booktitle={IEEE International Conference on Pervasive Computing and Communications (PerCom)},
  volume={18},
  pages={22},
  year={2013}
}

--- Compiler optimizations

@inproceedings{agakov2006using,
  title={Using machine learning to focus iterative optimization},
  author={Agakov, Felix and Bonilla, Edwin and Cavazos, John and Franke, Bj{\"o}rn and Fursin, Grigori and O'Boyle, Michael FP and Thomson, John and Toussaint, Marc and Williams, Christopher KI},
  booktitle={Proceedings of the International Symposium on Code Generation and Optimization},
  pages={295--305},
  year={2006},
  organization={IEEE Computer Society}
}

@article{almagor2004finding,
  title={Finding effective compilation sequences},
  author={Almagor, Lelac and Cooper, Keith D and Grosul, Alexander and Harvey, Timothy J and Reeves, Steven W and Subramanian, Devika and Torczon, Linda and Waterman, Todd},
  journal={ACM SIGPLAN Notices},
  volume={39},
  number={7},
  pages={231--239},
  year={2004},
  publisher={ACM}
}

@article{bacon1994compiler,
  title={Compiler transformations for high-performance computing},
  author={Bacon, David F and Graham, Susan L and Sharp, Oliver J},
  journal={ACM Computing Surveys (CSUR)},
  volume={26},
  number={4},
  pages={345--420},
  year={1994},
  publisher={ACM}
}

@inproceedings{cohen2010processor,
  title={Processor virtualization and split compilation for heterogeneous multicore embedded systems},
  author={Cohen, Albert and Rohou, Erven},
  booktitle={Proceedings of the 47th Design Automation Conference},
  pages={102--107},
  year={2010},
  organization={ACM}
}

@incollection{fursin2007midatasets,
  title={Midatasets: Creating the conditions for a more realistic evaluation of iterative optimization},
  author={Fursin, Grigori and Cavazos, John and O’Boyle, Michael and Temam, Olivier},
  booktitle={High Performance Embedded Architectures and Compilers},
  pages={245--260},
  year={2007},
  publisher={Springer}
}

@article{fursin2010collective,
  title={Collective optimization: A practical collaborative approach},
  author={Fursin, Grigori and Temam, Olivier},
  journal={ACM Transactions on Architecture and Code Optimization (TACO)},
  volume={7},
  number={4},
  pages={20},
  year={2010},
  publisher={ACM}
}

@article{fursin2013collective,
  title={Collective Mind: cleaning up the research and experimentation mess in computer engineering using crowdsourcing, big data and machine learning},
  author={Fursin, Grigori},
  journal={arXiv preprint arXiv:1308.2410},
  year={2013}
}

@inproceedings{kelly2003implicit,
  title={Implicit feedback for inferring user preference: a bibliography},
  author={Kelly, Diane and Teevan, Jaime},
  booktitle={ACM SIGIR Forum},
  volume={37},
  number={2},
  pages={18--28},
  year={2003},
  organization={ACM}
}

@article{knijnenburg2003combined,
  title={Combined selection of tile sizes and unroll factors using iterative compilation},
  author={Knijnenburg, Peter MW and Kisuki, Toru and O'Boyle, Michael FP},
  journal={The Journal of Supercomputing},
  volume={24},
  number={1},
  pages={43--67},
  year={2003},
  publisher={Springer}
}

@article{mallik2006user,
  title={User-driven frequency scaling},
  author={Mallik, Arindam and Lin, Bin and Memik, Gokhan and Dinda, Peter and Dick, Robert P},
  journal={Computer Architecture Letters},
  volume={5},
  number={2},
  pages={16--16},
  year={2006},
  publisher={IEEE}
}

@phdthesis{martin1999balancing,
  title={Balancing batteries, power, and performance: system issues in cpu speed-setting for mobile computing},
  author={Martin, Thomas L},
  year={1999},
  school={PhD thesis, Department of Electrical and Computer Engineering, Carnegie Mellon University}
}

@article{panda2001data,
  title={Data and memory optimization techniques for embedded systems},
  author={Panda, Preeti Ranjan and Catthoor, Francky and Dutt, Nikil D and Danckaert, Koen and Brockmeyer, Erik and Kulkarni, Chidamber and Vandercappelle, A and Kjeldsberg, Per Gunnar},
  journal={ACM Transactions on Design Automation of Electronic Systems (TODAES)},
  volume={6},
  number={2},
  pages={149--206},
  year={2001},
  publisher={ACM}
}

@inproceedings{shye2008power,
  title={Power to the people: Leveraging human physiological traits to control microprocessor frequency},
  author={Shye, Alex and Pan, Yan and Scholbrock, Benjamin and Miller, J Scott and Memik, Gokhan and Dinda, Peter A and Dick, Robert P},
  booktitle={Microarchitecture, 2008. MICRO-41. 2008 41st IEEE/ACM International Symposium on},
  pages={188--199},
  year={2008},
  organization={IEEE}
}

@article{stephenson2003meta,
  title={Meta optimization: improving compiler heuristics with machine learning},
  author={Stephenson, Mark and Amarasinghe, Saman and Martin, Martin and O'Reilly, Una-May},
  journal={ACM SIGPLAN Notices},
  volume={38},
  number={5},
  pages={77--90},
  year={2003},
  publisher={ACM}
}

@inproceedings{voss2000adapt,
  title={ADAPT: Automated de-coupled adaptive program transformation},
  author={Voss, Michael J and Eigenmann, Rudolf},
  booktitle={Parallel Processing, 2000. Proceedings. 2000 International Conference on},
  pages={163--170},
  year={2000},
  organization={IEEE}
}
